@article{Crawford_Bontinck_Stephan_Wiedmann_Yu_2018,
  title={Hybrid Life Cycle Inventory Methods – A Review},
  volume={172},
  DOI={10.1016/j.jclepro.2017.10.176},
  journal={Journal of Cleaner Production},
  author={Crawford, Robert H. and Bontinck, Paul-Antoine and Stephan, André and Wiedmann, Thomas and Yu, Man},
  year={2018},
  month={Jan},
  pages={1273--1288}
}

@article{Gore&Alestig2020,
  title={Confronting carbon inequality},
  journal={European Union Oxfam International},
  author={Gore, Tim and Alestig, Mira and Ratcliff, Anna},
  year={2020}
}

% In your main LaTeX file, add the following lines:

% In the preamble (before \begin{document}):
{biblatex}
\addbibresource{bibliography.bib}

% Where you want to cite a reference:
% For example, to cite Crawford et al. (2018):
\cite{Crawford_Bontinck_Stephan_Wiedmann_Yu_2018}

% To print the bibliography at the end:
\printbibliography